<record xmlns="http://www.loc.gov/MARC21/slim" xmlns:xsi="http://www.w3.org/2001/XMLSchema-instance" xsi:schemaLocation="http://www.loc.gov/MARC21/slim http://www.loc.gov/standards/marcxml/schema/MARC21slim.xsd"><leader>00000nam a22002894c 4500</leader><controlfield tag="001">9785171575182</controlfield><controlfield tag="003">FI-KV</controlfield><datafield ind1=" " ind2=" " tag="020"><subfield code="a">9785171575182</subfield><subfield code="q">kovakantinen</subfield></datafield><datafield ind1=" " ind2=" " tag="040"><subfield code="a">FI-Em</subfield><subfield code="b">fin</subfield><subfield code="e">rda</subfield></datafield><datafield ind1="1" ind2=" " tag="041"><subfield code="a">rus</subfield><subfield code="h">ger</subfield></datafield><datafield ind1=" " ind2=" " tag="084"><subfield code="a">30.12</subfield><subfield code="2">ykl</subfield></datafield><datafield ind1=" " ind2=" " tag="091"><subfield code="a">09</subfield></datafield><datafield ind1=" " ind2=" " tag="094"><subfield code="a">30.12 </subfield><subfield code="b">17.3 </subfield><subfield code="b">44.1</subfield></datafield><datafield ind1=" " ind2=" " tag="095"><subfield code="a">357 </subfield><subfield code="b">188.1 </subfield><subfield code="b">414</subfield></datafield><datafield ind1=" " ind2=" " tag="097"><subfield code="a">30.12</subfield></datafield><datafield ind1="1" ind2=" " tag="100"><subfield code="6">880-01</subfield><subfield code="a">Hiller, Gundula Gwenn,</subfield><subfield code="e">kirjoittaja.</subfield></datafield><datafield ind1="1" ind2="0" tag="240"><subfield code="a">Was wir von anderen Kulruren lernen k&#246;nnen.</subfield><subfield code="l">Ven&#228;j&#228;</subfield></datafield><datafield ind1="1" ind2="0" tag="245"><subfield code="6">880-02</subfield><subfield code="a">Eti punktualnyje nemtsy :</subfield><subfield code="b">samo o&#382;idanije togo, t&#353;to v povsednevnoi &#382;izni my vsegda dol&#382;ny byt punktualny, okazyvajet na nas i okru&#382;aju&#353;t&#353;ih bezumnoje davlenije /</subfield><subfield code="c">Gundula Gvenn Hiller ; perevod s nemetskogo Julii Kapustjuk.</subfield></datafield><datafield ind1="3" ind2="0" tag="246"><subfield code="6">880-03</subfield><subfield code="a">Samo o&#382;idanije togo, t&#353;to v povsednevnoi &#382;izni my vsegda dol&#382;ny byt punktualny, okazyvajet na nas i okru&#382;aju&#353;t&#353;ih bezumnoje davlenije</subfield></datafield><datafield ind1=" " ind2="1" tag="264"><subfield code="6">880-04</subfield><subfield code="a">Moskva :</subfield><subfield code="b">Izdatelstvo AST,</subfield><subfield code="c">[2025]</subfield></datafield><datafield ind1=" " ind2=" " tag="300"><subfield code="a">281 sivua, 7 numeroimatonta sivua ;</subfield><subfield code="c">22 cm</subfield></datafield><datafield ind1=" " ind2=" " tag="336"><subfield code="a">teksti</subfield><subfield code="b">txt</subfield><subfield code="2">rdacontent</subfield></datafield><datafield ind1=" " ind2=" " tag="337"><subfield code="a">k&#228;ytett&#228;viss&#228; ilman laitetta</subfield><subfield code="b">n</subfield><subfield code="2">rdamedia</subfield></datafield><datafield ind1=" " ind2=" " tag="338"><subfield code="a">nide</subfield><subfield code="b">nc</subfield><subfield code="2">rdacarrier</subfield></datafield><datafield ind1="0" ind2=" " tag="490"><subfield code="6">880-05</subfield><subfield code="a">Eti sagadot&#353;nyje strany</subfield></datafield><datafield ind1=" " ind2=" " tag="575"><subfield code="a">aineisto (at) espoo.fi</subfield></datafield><datafield ind1=" " ind2="7" tag="650"><subfield code="a">sosiologia</subfield><subfield code="2">yso/fin</subfield><subfield code="0">http://www.yso.fi/onto/yso/p331</subfield></datafield><datafield ind1=" " ind2="7" tag="650"><subfield code="a">kulttuurisosiologia</subfield><subfield code="2">yso/fin</subfield><subfield code="0">http://www.yso.fi/onto/yso/p3878</subfield></datafield><datafield ind1=" " ind2="7" tag="650"><subfield code="a">kulttuuri</subfield><subfield code="2">yso/fin</subfield><subfield code="0">http://www.yso.fi/onto/yso/p372</subfield></datafield><datafield ind1=" " ind2="7" tag="650"><subfield code="a">tavat (toimintatavat)</subfield><subfield code="2">yso/fin</subfield><subfield code="0">http://www.yso.fi/onto/yso/p29369</subfield></datafield><datafield ind1=" " ind2="7" tag="650"><subfield code="a">el&#228;m&#228;ntaito</subfield><subfield code="2">yso/fin</subfield><subfield code="0">http://www.yso.fi/onto/yso/p3167</subfield></datafield><datafield ind1=" " ind2="7" tag="650"><subfield code="a">onnellisuus</subfield><subfield code="2">yso/fin</subfield><subfield code="0">http://www.yso.fi/onto/yso/p2416</subfield></datafield><datafield ind1=" " ind2="7" tag="650"><subfield code="a">saksalaiset</subfield><subfield code="2">yso/fin</subfield><subfield code="0">http://www.yso.fi/onto/yso/p20021</subfield></datafield><datafield ind1=" " ind2="7" tag="650"><subfield code="a">saksalaisuus</subfield><subfield code="2">yso/fin</subfield><subfield code="0">http://www.yso.fi/onto/yso/p15365</subfield></datafield><datafield ind1=" " ind2="7" tag="650"><subfield code="a">kansat</subfield><subfield code="2">yso/fin</subfield><subfield code="0">http://www.yso.fi/onto/yso/p3993</subfield></datafield><datafield ind1="1" ind2=" " tag="700"><subfield code="6">880-06</subfield><subfield code="a">Kapustjuk, Julija,</subfield><subfield code="e">k&#228;&#228;nt&#228;j&#228;.</subfield></datafield><datafield ind1=" " ind2=" " tag="852"><subfield code="x">Helsingin luokanmuutos 26.11.2025</subfield></datafield><datafield ind1="1" ind2=" " tag="880"><subfield code="6">100-01/(N</subfield><subfield code="a">&#1061;&#1080;&#1083;&#1083;&#1077;&#1088;, &#1043;&#1091;&#1085;&#1076;&#1091;&#1083;&#1072; &#1043;&#1074;&#1077;&#1085;&#1085;,</subfield><subfield code="e">kirjoittaja.</subfield></datafield><datafield ind1="1" ind2="0" tag="880"><subfield code="6">245-02/(N</subfield><subfield code="a">&#1069;&#1090;&#1080; &#1087;&#1091;&#1085;&#1082;&#1090;&#1091;&#1072;&#1083;&#1100;&#1085;&#1099;&#1077; &#1085;&#1077;&#1084;&#1094;&#1099; :</subfield><subfield code="b">&#1089;&#1072;&#1084;&#1086; &#1086;&#1078;&#1080;&#1076;&#1072;&#1085;&#1080;&#1077; &#1090;&#1086;&#1075;&#1086;, &#1095;&#1090;&#1086; &#1074; &#1087;&#1086;&#1074;&#1089;&#1077;&#1076;&#1085;&#1077;&#1074;&#1085;&#1086;&#1081; &#1078;&#1080;&#1079;&#1085;&#1080; &#1084;&#1099; &#1074;&#1089;&#1077;&#1075;&#1076;&#1072; &#1076;&#1086;&#1083;&#1078;&#1085;&#1099; &#1073;&#1099;&#1090;&#1100; &#1087;&#1091;&#1085;&#1082;&#1090;&#1091;&#1072;&#1083;&#1100;&#1085;&#1099;, &#1086;&#1082;&#1072;&#1079;&#1099;&#1074;&#1072;&#1077;&#1090; &#1085;&#1072; &#1085;&#1072;&#1089; &#1080; &#1086;&#1082;&#1088;&#1091;&#1078;&#1072;&#1102;&#1097;&#1080;&#1093; &#1073;&#1077;&#1079;&#1091;&#1084;&#1085;&#1086;&#1077; &#1076;&#1072;&#1074;&#1083;&#1077;&#1085;&#1080;&#1077; /</subfield><subfield code="c">&#1043;&#1091;&#1085;&#1076;&#1091;&#1083;&#1072; &#1043;&#1074;&#1077;&#1085;&#1085; &#1061;&#1080;&#1083;&#1083;&#1077;&#1088; ; &#1087;&#1077;&#1088;&#1077;&#1074;&#1086;&#1076; &#1089; &#1085;&#1077;&#1084;&#1077;&#1094;&#1082;&#1086;&#1075;&#1086; &#1070;&#1083;&#1080;&#1080; &#1050;&#1072;&#1087;&#1091;&#1089;&#1090;&#1102;&#1082;.</subfield></datafield><datafield ind1="3" ind2="0" tag="880"><subfield code="6">246-03/(N</subfield><subfield code="a">&#1057;&#1072;&#1084;&#1086; &#1086;&#1078;&#1080;&#1076;&#1072;&#1085;&#1080;&#1077; &#1090;&#1086;&#1075;&#1086;, &#1095;&#1090;&#1086; &#1074; &#1087;&#1086;&#1074;&#1089;&#1077;&#1076;&#1085;&#1077;&#1074;&#1085;&#1086;&#1081; &#1078;&#1080;&#1079;&#1085;&#1080; &#1084;&#1099; &#1074;&#1089;&#1077;&#1075;&#1076;&#1072; &#1076;&#1086;&#1083;&#1078;&#1085;&#1099; &#1073;&#1099;&#1090;&#1100; &#1087;&#1091;&#1085;&#1082;&#1090;&#1091;&#1072;&#1083;&#1100;&#1085;&#1099;, &#1086;&#1082;&#1072;&#1079;&#1099;&#1074;&#1072;&#1077;&#1090; &#1085;&#1072; &#1085;&#1072;&#1089; &#1080; &#1086;&#1082;&#1088;&#1091;&#1078;&#1072;&#1102;&#1097;&#1080;&#1093; &#1073;&#1077;&#1079;&#1091;&#1084;&#1085;&#1086;&#1077; &#1076;&#1072;&#1074;&#1083;&#1077;&#1085;&#1080;&#1077;</subfield></datafield><datafield ind1=" " ind2="1" tag="880"><subfield code="6">264-04/(N</subfield><subfield code="a">&#1052;&#1086;&#1089;&#1082;&#1074;&#1072; :</subfield><subfield code="b">&#1048;&#1079;&#1076;&#1072;&#1090;&#1077;&#1083;&#1100;&#1089;&#1090;&#1074;&#1086; &#1040;&#1057;&#1058;,</subfield><subfield code="c">[2025]</subfield></datafield><datafield ind1="0" ind2=" " tag="880"><subfield code="6">490-05/(N</subfield><subfield code="a">&#1069;&#1090;&#1080; &#1079;&#1072;&#1075;&#1072;&#1076;&#1086;&#1095;&#1085;&#1099;&#1077; &#1089;&#1090;&#1088;&#1072;&#1085;&#1099;</subfield></datafield><datafield ind1="1" ind2=" " tag="880"><subfield code="6">700-06/(N</subfield><subfield code="a">&#1050;&#1072;&#1087;&#1091;&#1089;&#1090;&#1102;&#1082;, &#1070;&#1083;&#1080;&#1103;,</subfield><subfield code="e">k&#228;&#228;nt&#228;j&#228;.</subfield></datafield></record>